@article{Is-Depth-Really-Necessary-for-SOD,
  author    = {Jiawei Zhao and
               Yifan Zhao and
               Jia Li and
               Xiaowu Chen},
  title     = {Is Depth Really Necessary for Salient Object Detection?},
  journal   = {CoRR},
  volume    = {abs/2006.00269},
  year      = {2020},
  url       = {https://arxiv.org/abs/2006.00269},
  archivePrefix = {arXiv},
  eprint    = {2006.00269},
  timestamp = {Tue, 18 Aug 2020 13:44:47 +0200},
  biburl    = {https://dblp.org/rec/journals/corr/abs-2006-00269.bib},
  bibsource = {dblp computer science bibliography, https://dblp.org}
}

@article{SOD-in-the-DL-Era-Survey,
  author    = {Wenguan Wang and
               Qiuxia Lai and
               Huazhu Fu and
               Jianbing Shen and
               Haibin Ling},
  title     = {Salient Object Detection in the Deep Learning Era: An In-Depth Survey},
  journal   = {CoRR},
  volume    = {abs/1904.09146},
  year      = {2019},
  url       = {http://arxiv.org/abs/1904.09146},
  archivePrefix = {arXiv},
  eprint    = {1904.09146},
  timestamp = {Fri, 26 Apr 2019 13:18:53 +0200},
  biburl    = {https://dblp.org/rec/journals/corr/abs-1904-09146.bib},
  bibsource = {dblp computer science bibliography, https://dblp.org}
}

@INPROCEEDINGS{STERE,
  author={Niu, Yuzhen and Geng, Yujie and Li, Xueqing and Liu, Feng},
  booktitle={2012 IEEE Conference on Computer Vision and Pattern Recognition}, 
  title={Leveraging stereopsis for saliency analysis}, 
  year={2012},
  volume={},
  number={},
  pages={454-461},
  doi={10.1109/CVPR.2012.6247708}
}

@article{DES,
author = {Cheng, Yupeng and Fu, Huazhu and Wei, Xingxing and Xiao, Jiangjian and Cao, Xiaochun},
year = {2014},
month = {07},
pages = {},
title = {Depth Enhanced Saliency Detection Method},
isbn = {978-1-4503-2810-4},
journal = {ACM International Conference Proceeding Series},
doi = {10.1145/2632856.2632866}
}

@inproceedings{NLPR,
  author     =   {Houwen Peng and  Bing Li and Weihua Xiong and Weiming Hu and Rongrong Ji},
  title          =   {RGBD salient object detection: a benchmark and algorithms},
  booktitle =   {European Conference on Computer Vision (ECCV)},
  year          =   {2014},
  pages       =  {92-109}
}

@unknown{LFSD,
author = {Jiang, Yao and Zhou, Tao and Ji, Ge-Peng and Fu, Keren and Zhao, Qijun and Fan, Deng-Ping},
year = {2020},
month = {10},
pages = {},
title = {Light Field Salient Object Detection: A Review and Benchmark}
}

@inproceedings{GIT,
author = {Arridhana Ciptadi and Tucker Hermans and James M. Rehg},
title = {{An In Depth View of Saliency}},
booktitle = {{British Machine Vision Conference (BMVC)}},
year = {2013},
month = {September},
location = {Bristol, United Kingdom}
}

@INPROCEEDINGS{NJU2K,
  author={Ju, Ran and Ge, Ling and Geng, Wenjing and Ren, Tongwei and Wu, Gangshan},
  booktitle={2014 IEEE International Conference on Image Processing (ICIP)}, 
  title={Depth saliency based on anisotropic center-surround difference}, 
  year={2014},
  volume={},
  number={},
  pages={1115-1119},
  doi={10.1109/ICIP.2014.7025222}
}

@inproceedings{SSD,
author = {Zhu, Chunbiao and Li, Ge},
year = {2017},
month = {10},
pages = {},
title = {A Three-Pathway Psychobiological Framework of Salient Object Detection Using Stereoscopic Technology},
doi = {10.1109/ICCVW.2017.355}
}

@ARTICLE{DUT,
  author={Piao, Yongri and Li, Xiao and Zhang, Miao and Yu, Jingyi and Lu, Huchuan},
  journal={IEEE Transactions on Image Processing}, 
  title={Saliency Detection via Depth-Induced Cellular Automata on Light Field}, 
  year={2020},
  volume={29},
  number={},
  pages={1879-1889},
  doi={10.1109/TIP.2019.2942434}
}

@article{Rethinking-RGBD,
Author = {Deng-Ping Fan and Zheng Lin and Jia-Xing Zhao and Yun Liu and Zhao Zhang and Qibin Hou and Menglong Zhu and Ming-Ming Cheng},
Title = {Rethinking RGB-D Salient Object Detection: Models, Data Sets, and Large-Scale Benchmarks},
Year = {2019},
Eprint = {arXiv:1907.06781},
Doi = {10.1109/TNNLS.2020.2996406},
}

@inproceedings{Depth-really-Matters,
author = {Desingh, Karthik and K, Madhava and Rajan, Deepu and Jawahar, CV},
year = {2013},
month = {01},
pages = {98.1-98.11},
title = {Depth really Matters: Improving Visual Salient Region Detection with Depth},
isbn = {1-901725-49-9},
doi = {10.5244/C.27.98}
}

@inproceedings{Depth-View-of-Saliency,
author = {Arridhana Ciptadi and Tucker Hermans and James M. Rehg},
title = {{An In Depth View of Saliency}},
booktitle = {{British Machine Vision Conference (BMVC)}},
year = {2013},
month = {September},
location = {Bristol, United Kingdom}
}

@inproceedings{Surface-Normal,
author = {Klasing, Klaas and Althoff, Daniel and Wollherr, Dirk and Buss, Martin},
year = {2009},
month = {05},
pages = {3206-3211},
title = {Comparison of surface normal estimation methodsfor range sensing applications},
journal = {Proceedings - IEEE International Conference on Robotics and Automation},
doi = {10.1109/ROBOT.2009.5152493}
}

@article{RGBD-SOD-Deep-Fusion,
   title={RGBD Salient Object Detection via Deep Fusion},
   volume={26},
   ISSN={1941-0042},
   url={http://dx.doi.org/10.1109/TIP.2017.2682981},
   DOI={10.1109/tip.2017.2682981},
   number={5},
   journal={IEEE Transactions on Image Processing},
   publisher={Institute of Electrical and Electronics Engineers (IEEE)},
   author={Qu, Liangqiong and He, Shengfeng and Zhang, Jiawei and Tian, Jiandong and Tang, Yandong and Yang, Qingxiong},
   year={2017},
   month={May},
   pages={2274â€“2285}
}

@article{CNNs-Based,
author = {Han, Junwei and Chen, Hao and Liu, Nian and Yan, Chenggang and Li, Xuelong},
year = {2017},
month = {10},
pages = {1-13},
title = {CNNs-Based RGB-D Saliency Detection via Cross-View Transfer and Multiview Fusion},
volume = {PP},
journal = {IEEE Transactions on Cybernetics},
doi = {10.1109/TCYB.2017.2761775}
}